@article{Luger2019,
  author        = {{Luger}, Rodrigo and {Agol}, Eric and {Foreman-Mackey}, Daniel and
                  {Fleming}, David P. and {Lustig-Yaeger}, Jacob and {Deitrick}, Russell},
  title         = {{starry: Analytic Occultation Light Curves}},
  journal       = {\aj},
  keywords      = {eclipses, methods: analytical, occultations, techniques: photometric, Astrophysics - Instrumentation and Methods for Astrophysics, Astrophysics - Earth and Planetary Astrophysics, Astrophysics - Solar and Stellar Astrophysics},
  year          = {2019},
  month         = {Feb},
  volume        = {157},
  number        = {2},
  eid           = {64},
  pages         = {64},
  doi           = {10.3847/1538-3881/aae8e5},
  archiveprefix = {arXiv},
  eprint        = {1810.06559},
  primaryclass  = {astro-ph.IM},
  adsurl        = {https://ui.adsabs.harvard.edu/abs/2019AJ....157...64L},
  adsnote       = {Provided by the SAO/NASA Astrophysics Data System}
}

@article{Winkelbauer2012,
  author        = {{Winkelbauer}, Andreas},
  title         = {{Moments and Absolute Moments of the Normal Distribution}},
  journal       = {arXiv e-prints},
  keywords      = {Mathematics - Statistics Theory, Computer Science - Information Theory, Mathematics - Probability, Statistics - Other Statistics},
  year          = 2012,
  month         = sep,
  eid           = {arXiv:1209.4340},
  pages         = {arXiv:1209.4340},
  archiveprefix = {arXiv},
  eprint        = {1209.4340},
  primaryclass  = {math.ST},
  adsurl        = {https://ui.adsabs.harvard.edu/abs/2012arXiv1209.4340W},
  adsnote       = {Provided by the SAO/NASA Astrophysics Data System}
}

@book{RasmussenWilliams2005,
  author    = {Rasmussen, Carl Edward and Williams, Christopher K. I.},
  title     = {Gaussian Processes for Machine Learning (Adaptive Computation and Machine Learning)},
  year      = {2005},
  isbn      = {026218253X},
  publisher = {The MIT Press}
}